@ARTICLE{1049925, 
  author={B. Gilbert}, 
  journal={IEEE Journal of Solid-State Circuits}, 
  title={A precise four-quadrant multiplier with subnanosecond response}, 
  year={1968}, 
  volume={3}, 
  number={4}, 
  pages={365-373}, 
  keywords={Analogue computer circuits;Multiplying circuits;analogue computer circuits;multiplying circuits;Books;Broadband amplifiers;Detectors;Differential amplifiers;Diodes;Electrons;Operational amplifiers;RLC circuits;Temperature dependence;Voltage}, 
  doi={10.1109/JSSC.1968.1049925}, 
  ISSN={0018-9200}, 
  month={Dec},}


@TECHREPORT{Xyce_Users_Guide_5_2,
    AUTHOR = "Eric R. Keiter and Thomas V. Russo and Eric L. Rankin and Richard L. Schiek and Heidi K. Thornquist and Deborah A. Fixel and Todd S. Coffey and Roger P. Pawlowski and Keith R. Santarelli and Christina E. Warrender",
    TITLE  = "Xyce Parallel Electronic Simulator: User's Guide, Version 5.2",
    NUMBER = "SAND2011-2515", 
    INSTITUTION = "Sandia National Laboratories",
    ADDRESS = "Albuquerque, NM",
    YEAR = "2011"
}

